<?xml version="1.0" encoding="UTF-8"?><collection xmlns="http://www.loc.gov/MARC21/slim"><record><leader>00577nam--2200169-i-4500</leader><controlfield tag="001">000009164</controlfield><controlfield tag="002">20161230</controlfield><controlfield tag="005">20161230201028</controlfield><controlfield tag="008">060222s1000------------r-----000-0-eng-d</controlfield><datafield ind1=" " ind2=" " tag="040"><subfield code="a">IFIN-HH</subfield></datafield><datafield ind1=" " ind2=" " tag="080"><subfield code="a">539.124.143</subfield></datafield><datafield ind1="1" ind2=" " tag="100"><subfield code="a">Bowden, Charles Malcolm</subfield></datafield><datafield ind1="1" ind2="0" tag="245"><subfield code="a">Electron spin resonance studies of trivalent gadolinium in calcium fluoride single crystals under applied stress</subfield><subfield code="b">Dissertation</subfield><subfield code="c">Charles malcolm bowden</subfield></datafield><datafield ind1=" " ind2=" " tag="260"><subfield code="a">Ann Arbor, Michigan</subfield><subfield code="b">University Microfilms, Inc</subfield><subfield code="c">1967</subfield></datafield><datafield ind1=" " ind2=" " tag="300"><subfield code="a">VI + 117 P</subfield></datafield><datafield ind1=" " ind2=" " tag="852"><subfield code="a">32395</subfield><subfield code="c">539.143.43</subfield></datafield><datafield ind1=" " ind2=" " tag="CAT"><subfield code="a">Sys</subfield><subfield code="c">20120504</subfield><subfield code="h">120703</subfield></datafield></record></collection>